<?xml version="1.0" encoding="UTF-8"?><collection xmlns="http://www.loc.gov/MARC21/slim"><record><leader>00571nam--2200205-i-4500</leader><controlfield tag="001">000036005</controlfield><controlfield tag="002">20161230</controlfield><controlfield tag="005">20161230201040</controlfield><controlfield tag="008">060222s1000------------r-----000-0-rus-d</controlfield><datafield ind1=" " ind2=" " tag="040"><subfield code="a">IFIN-HH</subfield></datafield><datafield ind1=" " ind2=" " tag="041"><subfield code="a">rus</subfield></datafield><datafield ind1=" " ind2=" " tag="080"><subfield code="a">537.591</subfield></datafield><datafield ind1="1" ind2=" " tag="100"><subfield code="a">Hayakawa, Satio</subfield></datafield><datafield ind1="1" ind2="0" tag="245"><subfield code="a">Fizila kosmiceskih lucei</subfield><subfield code="c">Satio hayakawa</subfield></datafield><datafield ind1=" " ind2=" " tag="260"><subfield code="a">Moskva</subfield><subfield code="b">Mir</subfield><subfield code="c">1973, 1974</subfield></datafield><datafield ind1=" " ind2=" " tag="300"><subfield code="a">2 VOLUME</subfield></datafield><datafield ind1=" " ind2=" " tag="500"><subfield code="a">Titlul Original In Limba Engleza: Origin Of Cosmic Ray</subfield></datafield><datafield ind1="1" ind2=" " tag="787"><subfield code="a">Ceasti 2</subfield><subfield code="d">1974</subfield><subfield code="h">342p</subfield><subfield code="t">Astrofiziceskii Aspekt</subfield></datafield><datafield ind1=" " ind2=" " tag="852"><subfield code="a">41250</subfield><subfield code="c">539.13</subfield></datafield><datafield ind1=" " ind2=" " tag="CAT"><subfield code="a">Sys</subfield><subfield code="c">20120227</subfield><subfield code="h">144442</subfield></datafield></record></collection>